<?xml version = "1.0" encoding = "UTF-8"?><OAI-PMH xmlns="http://www.openarchives.org/OAI/2.0/" xmlns:xsi="http://www.w3.org/2001/XMLSchema-instance" xsi:schemaLocation="http://www.openarchives.org/OAI/2.0/ http://www.openarchives.org/OAI/2.0/OAI-PMH.xsd"><ListRecords><record><header><identifier>aleph-publish:037800351</identifier></header><metadata><record xmlns="http://www.ddb.de/professionell/mabxml/mabxml-1.xsd"><leader>00000nM2.01200024------h</leader><controlfield tag="LDR">00000nM2.01200024------h</controlfield><controlfield tag="FMT">MH</controlfield><datafield tag="001" ind1="-" ind2="1"><subfield code="a">HT021613847</subfield></datafield><datafield tag="002" ind1="a" ind2="1"><subfield code="a">20220803</subfield></datafield><datafield tag="002" ind1="a" ind2="1"><subfield code="a">20202208</subfield></datafield><datafield tag="004" ind1="-" ind2="1"><subfield code="a">20221130</subfield></datafield><datafield tag="020" ind1="-" ind2="1"><subfield code="a">90569</subfield><subfield code="b">OAPEN</subfield></datafield><datafield tag="025" ind1="-" ind2="1"><subfield code="a">90569</subfield></datafield><datafield tag="026" ind1="-" ind2="1"><subfield code="a">HBZHT021613847</subfield></datafield><controlfield tag="030">z||u|||||||17</controlfield><datafield tag="037" ind1="b" ind2="1"><subfield code="a">0|e</subfield></datafield><controlfield tag="050">||||||||g|||||</controlfield><controlfield tag="051">m|||||||</controlfield><datafield tag="060" ind1="-" ind2="1"><subfield code="b">txt</subfield><subfield code="a">Text</subfield></datafield><datafield tag="061" ind1="-" ind2="1"><subfield code="b">c</subfield><subfield code="a">Computermedien</subfield></datafield><datafield tag="062" ind1="-" ind2="1"><subfield code="b">cr</subfield><subfield code="a">Online-Ressource</subfield></datafield><datafield tag="070" ind1="-" ind2="1"><subfield code="a">OAPEN Foundation</subfield></datafield><datafield tag="070" ind1="a" ind2="1"><subfield code="a">82</subfield></datafield><datafield tag="078" ind1="e" ind2="1"><subfield code="a">ZDB-94-OAB</subfield></datafield><datafield tag="078" ind1="i" ind2="1"><subfield code="a">OA</subfield></datafield><datafield tag="100" ind1="-" ind2="1"><subfield code="a">Wouters, Jelle J.P.</subfield><subfield code="4">edt</subfield><subfield code="3">Herausgeber</subfield></datafield><datafield tag="104" ind1="b" ind2="1"><subfield code="a">Heneise, Michael T.</subfield><subfield code="4">edt</subfield><subfield code="3">Herausgeber</subfield></datafield><datafield tag="108" ind1="b" ind2="1"><subfield code="a">Wouters, Jelle J.P.</subfield></datafield><datafield tag="112" ind1="b" ind2="1"><subfield code="a">Heneise, Michael T.</subfield></datafield><datafield tag="331" ind1="-" ind2="1"><subfield code="a">Routledge Handbook of Highland Asia</subfield></datafield><datafield tag="419" ind1="-" ind2="1"><subfield code="b">Taylor and Francis</subfield><subfield code="c">2023</subfield></datafield><datafield tag="425" ind1="c" ind2="1"><subfield code="a">23</subfield></datafield><datafield tag="425" ind1="a" ind2="1"><subfield code="a">2023</subfield></datafield><datafield tag="433" ind1="-" ind2="1"><subfield code="a">1 electronic resource (484 pages)</subfield></datafield><datafield tag="516" ind1="a" ind2="1"><subfield code="a">English</subfield></datafield><datafield tag="540" ind1="-" ind2="1"><subfield code="a">9781032282671</subfield></datafield><datafield tag="580" ind1="-" ind2="1"><subfield code="a">10.4324/9780429345746</subfield></datafield><datafield tag="586" ind1="0" ind2="1"><subfield code="a">Open Access</subfield><subfield code="f">Unrestricted online access</subfield><subfield code="2">star</subfield></datafield><datafield tag="587" ind1="-" ind2="1"><subfield code="a">All rights reserved</subfield></datafield><datafield tag="655" ind1="e" ind2="1"><subfield code="u">https://directory.doabooks.org/handle/20.500.12854/90569</subfield><subfield code="z">DOAB: description of the publication</subfield><subfield code="z">kostenfrei</subfield><subfield code="A">0</subfield></datafield><datafield tag="710" ind1="a" ind2="1"><subfield code="a">Ethnic studies</subfield></datafield><datafield tag="710" ind1="a" ind2="1"><subfield code="a">Regional studies</subfield></datafield><datafield tag="720" ind1="-" ind2="1"><subfield code="a">Ethnic studies</subfield></datafield><datafield tag="720" ind1="-" ind2="1"><subfield code="a">Regional studies</subfield></datafield><controlfield tag="SYS">037800351</controlfield><datafield tag="LOW" ind1="-" ind2="1"><subfield code="a">A0001</subfield></datafield><datafield tag="LOW" ind1="-" ind2="1"><subfield code="a">A5001</subfield></datafield><datafield tag="LOW" ind1="-" ind2="1"><subfield code="a">B0001</subfield></datafield><datafield tag="LOW" ind1="-" ind2="1"><subfield code="a">F5010</subfield></datafield><datafield tag="LOW" ind1="-" ind2="1"><subfield code="a">F5011</subfield></datafield><datafield tag="LOW" ind1="-" ind2="1"><subfield code="a">K5001</subfield></datafield><datafield tag="LOW" ind1="-" ind2="1"><subfield code="a">KM001</subfield></datafield><datafield tag="LOW" ind1="-" ind2="1"><subfield code="a">M0001</subfield></datafield><datafield tag="LOW" ind1="-" ind2="1"><subfield code="a">N5001</subfield></datafield><datafield tag="LOW" ind1="-" ind2="1"><subfield code="a">R2001</subfield></datafield><datafield tag="LOW" ind1="-" ind2="1"><subfield code="a">U0001</subfield></datafield><datafield tag="LOW" ind1="-" ind2="1"><subfield code="a">U5001</subfield></datafield><datafield tag="LOW" ind1="-" ind2="1"><subfield code="a">X5001</subfield></datafield><datafield tag="LAL" ind1="-" ind2="1"><subfield code="a">DUE</subfield><subfield code="b">X0001</subfield></datafield><datafield tag="LAL" ind1="-" ind2="1"><subfield code="a">EDU</subfield><subfield code="b">D0001</subfield><subfield code="b">E0001</subfield></datafield><datafield tag="LAL" ind1="-" ind2="1"><subfield code="a">FUH</subfield><subfield code="b">F0001</subfield></datafield><datafield tag="LAL" ind1="-" ind2="1"><subfield code="a">KLU</subfield><subfield code="b">R3001</subfield></datafield><datafield tag="LAL" ind1="-" ind2="1"><subfield code="a">PAD</subfield><subfield code="b">P0001</subfield></datafield><datafield tag="LAL" ind1="-" ind2="1"><subfield code="a">SIE</subfield><subfield code="b">S0001</subfield></datafield><datafield tag="LAL" ind1="-" ind2="1"><subfield code="a">TRI</subfield><subfield code="b">T0011</subfield></datafield><datafield tag="LAL" ind1="-" ind2="1"><subfield code="a">WUP</subfield><subfield code="b">W0001</subfield></datafield><datafield tag="LAL" ind1="-" ind2="1"><subfield code="a">ZBS</subfield><subfield code="b">KP001</subfield></datafield><datafield tag="088" ind1=" " ind2=" "><subfield code="a">82</subfield></datafield><datafield tag="088" ind1=" " ind2=" "><subfield code="a">A 96</subfield></datafield><datafield tag="088" ind1=" " ind2=" "><subfield code="a">294</subfield></datafield><datafield tag="088" ind1=" " ind2=" "><subfield code="a">464</subfield></datafield><datafield tag="088" ind1=" " ind2=" "><subfield code="a">465</subfield></datafield><datafield tag="088" ind1=" " ind2=" "><subfield code="a">708</subfield></datafield><datafield tag="088" ind1=" " ind2=" "><subfield code="a">1393</subfield></datafield><datafield tag="088" ind1=" " ind2=" "><subfield code="a">1393/BOT</subfield></datafield><datafield tag="088" ind1=" " ind2=" "><subfield code="a">832</subfield></datafield><datafield tag="088" ind1=" " ind2=" "><subfield code="a">38 M</subfield></datafield><datafield tag="088" ind1=" " ind2=" "><subfield code="a">Kn 41</subfield></datafield><datafield tag="088" ind1=" " ind2=" "><subfield code="a">6</subfield></datafield><datafield tag="088" ind1=" " ind2=" "><subfield code="a">829</subfield></datafield><datafield tag="088" ind1=" " ind2=" "><subfield code="a">466</subfield></datafield><datafield tag="088" ind1=" " ind2=" "><subfield code="a">1105</subfield></datafield><datafield tag="088" ind1=" " ind2=" "><subfield code="a">386</subfield></datafield><datafield tag="088" ind1=" " ind2=" "><subfield code="a">467</subfield></datafield><datafield tag="088" ind1=" " ind2=" "><subfield code="a">385</subfield></datafield><datafield tag="088" ind1=" " ind2=" "><subfield code="a">290</subfield></datafield><datafield tag="088" ind1=" " ind2=" "><subfield code="a">Dm 13</subfield></datafield><datafield tag="088" ind1=" " ind2=" "><subfield code="a">468</subfield></datafield><datafield tag="088" ind1=" " ind2=" "><subfield code="a">61</subfield></datafield><datafield tag="088" ind1=" " ind2=" "><subfield code="a">Dü 62</subfield></datafield><datafield tag="EB1" ind1=" " ind2="9"><subfield code="a">eb1</subfield><subfield code="2">A0001</subfield></datafield><datafield tag="EB1" ind1=" " ind2="9"><subfield code="a">eb1</subfield><subfield code="2">A5001</subfield></datafield><datafield tag="EB1" ind1=" " ind2="9"><subfield code="a">eb1</subfield><subfield code="2">B0001</subfield></datafield><datafield tag="EB1" ind1=" " ind2="9"><subfield code="a">eb1</subfield><subfield code="2">D0001</subfield></datafield><datafield tag="EB1" ind1=" " ind2="9"><subfield code="a">eb1</subfield><subfield code="2">E0001</subfield></datafield><datafield tag="EB1" ind1=" " ind2="9"><subfield code="a">eb1</subfield><subfield code="2">F0001</subfield></datafield><datafield tag="EB1" ind1=" " ind2="9"><subfield code="a">eb1</subfield><subfield code="2">F5010</subfield></datafield><datafield tag="EB1" ind1=" " ind2="9"><subfield code="a">eb1</subfield><subfield code="2">F5011</subfield></datafield><datafield tag="EB1" ind1=" " ind2="9"><subfield code="a">eb1</subfield><subfield code="2">K5001</subfield></datafield><datafield tag="EB1" ind1=" " ind2="9"><subfield code="a">eb1</subfield><subfield code="2">KM001</subfield></datafield><datafield tag="EB1" ind1=" " ind2="9"><subfield code="a">eb1</subfield><subfield code="2">KP001</subfield></datafield><datafield tag="EB1" ind1=" " ind2="9"><subfield code="a">eb1</subfield><subfield code="2">M0001</subfield></datafield><datafield tag="EB1" ind1=" " ind2="9"><subfield code="a">eb1</subfield><subfield code="2">N5001</subfield></datafield><datafield tag="EB1" ind1=" " ind2="9"><subfield code="a">eb1</subfield><subfield code="2">P0001</subfield></datafield><datafield tag="EB1" ind1=" " ind2="9"><subfield code="a">eb1</subfield><subfield code="2">R2001</subfield></datafield><datafield tag="EB1" ind1=" " ind2="9"><subfield code="a">eb1</subfield><subfield code="2">R3001</subfield></datafield><datafield tag="EB1" ind1=" " ind2="9"><subfield code="a">eb1</subfield><subfield code="2">S0001</subfield></datafield><datafield tag="EB1" ind1=" " ind2="9"><subfield code="a">eb1</subfield><subfield code="2">T0011</subfield></datafield><datafield tag="EB1" ind1=" " ind2="9"><subfield code="a">eb1</subfield><subfield code="2">U0001</subfield></datafield><datafield tag="EB1" ind1=" " ind2="9"><subfield code="a">eb1</subfield><subfield code="2">U5001</subfield></datafield><datafield tag="EB1" ind1=" " ind2="9"><subfield code="a">eb1</subfield><subfield code="2">W0001</subfield></datafield><datafield tag="EB1" ind1=" " ind2="9"><subfield code="a">eb1</subfield><subfield code="2">X0001</subfield></datafield><datafield tag="EB1" ind1=" " ind2="9"><subfield code="a">eb1</subfield><subfield code="2">X5001</subfield></datafield></record></metadata></record></ListRecords></OAI-PMH>